@inproceedings{gu2022efficiently,
  title={Efficiently Modeling Long Sequences with Structured State Spaces},
  author={Gu, Albert and Goel, Karan and R\'e, Christopher},
  booktitle={The International Conference on Learning Representations ({ICLR})},
  year={2022}
}

@article{mamba,
  title={Mamba: Linear-Time Sequence Modeling with Selective State Spaces},
  author={Gu, Albert and Dao, Tri},
  journal={arXiv preprint arXiv:2312.00752},
  year={2023}
}

@inproceedings{mamba2,
  title={Transformers are {SSM}s: Generalized Models and Efficient Algorithms Through Structured State Space Duality},
  author={Dao, Tri and Gu, Albert},
  booktitle={International Conference on Machine Learning (ICML)},
  year={2024}
}

@misc{attention,
      title={Attention Is All You Need}, 
      author={Ashish Vaswani and Noam Shazeer and Niki Parmar and Jakob Uszkoreit and Llion Jones and Aidan N. Gomez and Lukasz Kaiser and Illia Polosukhin},
      year={2023},
      eprint={1706.03762},
      archivePrefix={arXiv},
      primaryClass={cs.CL},
      url={https://arxiv.org/abs/1706.03762}, 
}

@misc{ssmformal,
      title={The Expressive Capacity of State Space Models: A Formal Language Perspective}, 
      author={Yash Sarrof and Yana Veitsman and Michael Hahn},
      year={2024},
      eprint={2405.17394},
      archivePrefix={arXiv},
      primaryClass={cs.CL},
      url={https://arxiv.org/abs/2405.17394}, 
}